<?xml version="1.0" encoding="UTF-8"?><record xmlns="http://www.loc.gov/MARC21/slim" xmlns:cinclude="http://apache.org/cocoon/include/1.0" xmlns:zs="http://www.loc.gov/zing/srw/">
  <leader>01199cz  a2200229n  4500</leader>
  <controlfield tag="001">n 2001042572</controlfield>
  <controlfield tag="003">DLC</controlfield>
  <controlfield tag="005">20141218133733.0</controlfield>
  <controlfield tag="008">010813n| acannaabn          |a aba      </controlfield>
  <datafield tag="010" ind1=" " ind2=" ">
    <subfield code="a">n 2001042572</subfield>
  </datafield>
  <datafield tag="035" ind1=" " ind2=" ">
    <subfield code="a">(OCoLC)oca05558844</subfield>
  </datafield>
  <datafield tag="040" ind1=" " ind2=" ">
    <subfield code="a">DLC</subfield>
    <subfield code="b">eng</subfield>
    <subfield code="c">DLC</subfield>
    <subfield code="d">DNLM</subfield>
    <subfield code="d">DLC</subfield>
  </datafield>
  <datafield tag="100" ind1="1" ind2=" ">
    <subfield code="a">Hofmann, Thomas</subfield>
  </datafield>
  <datafield tag="500" ind1="1" ind2=" ">
    <subfield code="a">Hoffmann, Thomas</subfield>
  </datafield>
  <datafield tag="667" ind1=" " ind2=" ">
    <subfield code="a">THIS 1XX FIELD CANNOT BE USED UNDER RDA UNTIL THIS UNDIFFERENTIATED RECORD HAS BEEN HANDLED FOLLOWING THE GUIDELINES IN DCM Z1 008/32</subfield>
  </datafield>
  <datafield tag="670" ind1=" " ind2=" ">
    <subfield code="a">[Author of Geschichte der Universitätsbibliothek Erlangen von 1792-1844]</subfield>
  </datafield>
  <datafield tag="670" ind1=" " ind2=" ">
    <subfield code="a">Geschichte der Universitätsbibliothek Erlangen von 1792-1844, 2000:</subfield>
    <subfield code="b">t.p. (Thomas Hofmann)</subfield>
  </datafield>
  <datafield tag="670" ind1=" " ind2=" ">
    <subfield code="a">[Author of Developing European health policy]</subfield>
  </datafield>
  <datafield tag="670" ind1=" " ind2=" ">
    <subfield code="a">Hofmann, Thomas. Developing European health policy, 2002:</subfield>
    <subfield code="b">t.p. (Thomas Hofmann)</subfield>
  </datafield>
  <datafield tag="670" ind1=" " ind2=" ">
    <subfield code="a">[Author of Bushmeat]</subfield>
  </datafield>
  <datafield tag="670" ind1=" " ind2=" ">
    <subfield code="a">Bushmeat, 1999:</subfield>
    <subfield code="b">t.p. (Dipl. Biol. Thomas Hofmann) t.p. verso (Thomas Hoffmann) p. 119 (listed in bibliography: Hofmann, Th.; diploma thesis, Julius-Maxmilian Univ. of Würzburg)</subfield>
  </datafield>
  <datafield tag="670" ind1=" " ind2=" ">
    <subfield code="a">Email to H. Ellenberg, Aug. 13, 2003</subfield>
    <subfield code="b">(no info. received about the correct spelling of Thomas Hofmann's name and b. date)</subfield>
  </datafield>
</record>